@InProceedings{canetti-cohen-lindell15,
author="Canetti, Ran
and Cohen, Asaf
and Lindell, Yehuda",
editor="Gennaro, Rosario
and Robshaw, Matthew",
title="A Simpler Variant of Universally Composable Security for Standard Multiparty Computation",
booktitle="Advances in Cryptology -- CRYPTO 2015",
year="2015",
publisher="Springer Berlin Heidelberg",
address="Berlin, Heidelberg",
pages="3--22",
}

@inproceedings{abadi16,
title	= {TensorFlow: A system for large-scale machine learning},
author	= {Martin Abadi and Paul Barham and Jianmin Chen and Zhifeng Chen and Andy Davis and Jeffrey Dean and Matthieu Devin and Sanjay Ghemawat and Geoffrey Irving and Michael Isard and Manjunath Kudlur and Josh Levenberg and Rajat Monga and Sherry Moore and Derek G. Murray and Benoit Steiner and Paul Tucker and Vijay Vasudevan and Pete Warden and Martin Wicke and Yuan Yu and Xiaoqiang Zheng},
year	= {2016},
URL	= {https://www.usenix.org/system/files/conference/osdi16/osdi16-abadi.pdf},
booktitle	= {12th USENIX Symposium on Operating Systems Design and Implementation (OSDI 16)},
pages	= {265--283}
}

@inproceedings{Liedel2012SecureDC,
  title={Secure Distributed Computation of the Square Root and Applications},
  author={Manuel Liedel},
  booktitle={ISPEC},
  year={2012}
}

@misc{cryptoeprint:2020:1330,
    author = {Anders Dalskov and Daniel Escudero and Marcel Keller},
    title = {Fantastic Four: Honest-Majority Four-Party Secure Computation With Malicious Security},
    howpublished = {Cryptology ePrint Archive, Report 2020/1330},
    year = {2020},
    note = {\url{https://eprint.iacr.org/2020/1330}},
}

@article{evans2017pragmatic,
  title={A pragmatic introduction to secure multi-party computation},
  author={Evans, David and Kolesnikov, Vladimir and Rosulek, Mike},
  journal={Foundations and Trends{\textregistered} in Privacy and Security},
  volume={2},
  number={2-3},
  year={2017}
}

@article{bernstein2009cryptography,
  title={Cryptography in nacl},
  author={Bernstein, Daniel J},
  journal={Networking and Cryptography library},
  volume={3},
  pages={385},
  year={2009},
  note={\url{https://cr.yp.to/highspeed/naclcrypto-20090310.pdf}}
}

@book{mml,
  title={Mathematics for Machine Learning},
  author={Deisenroth, Marc Peter and Faisal, A. Aldo and Cheng, Soon Ong},
  year={2020},
  publisher={Cambridge University Press},
  note={\url{https://mml-book.com}},
}


@misc{libsodium,
  title={Libsodium},
  author={{Libsodium team}},
  year={2021},
  howpublished={\url{https://github.com/jedisct1/libsodium}},
  note={Online; accessed 2021}
}

@misc{url-blake3,
  title={Blake3},
  author={{Blake3 team}},
  year={2022},
  howpublished={\url{https://docs.rs/blake3/}},
  note={Online; accessed 2022}
}

@misc{url-swanky,
  title={Swanky},
  author={{GaloisInc}},
  year={2021},
  howpublished={\url{https://github.com/GaloisInc/swanky}},
  note={Online; accessed 2021}
}



@misc{url-cargo-aes,
  title={Crate AES},
  author={{Artyom Pavlov}},
  year={2021},
  howpublished={\url{https://docs.rs/aes/0.6.0/aes/index.html}},
  note={Online; accessed 2021}
}

@misc{url-sodiumoxide,
  title={Crate Sodiumoxide},
  author={{dnaq}},
  year={2021},
  howpublished={\url{https://docs.rs/sodiumoxide/0.2.6/sodiumoxide/randombytes/fn.randombytes_into.html}},
  note={Online; accessed 2021}
}

@misc{url-zengo,
  title={MPC-Over-Signal},
  author={{Omer Shlomovits}},
  year={2021},
  howpublished={\url{https://medium.com/zengo/mpc-over-signal-977db599de66}},
  note={Online; accessed 2021}
}

@misc{SCALE,
  author={Abdelrahaman Aly and Kelong Cong and Daniele Cozzo and Marcel Keller and Emmanuela Orsini
         and Dragos Rotaru and Oliver Scherer and Peter Scholl and Nigel P. Smart and Titouan Tanguy
         and Tim Wood},
  title={{SCALE}-{MAMBA} v1.12: Documentation},
  url={https://homes.esat.kuleuven.be/~nsmart/SCALE/Documentation.pdf},
  year={2021}
}


@misc{keller2021effectiveness,
      title={Effectiveness of MPC-friendly Softmax Replacement},
      author={Marcel Keller and Ke Sun},
      year={2021},
      eprint={2011.11202},
      archivePrefix={arXiv},
      primaryClass={cs.LG}
}

